<?xml version="1.0" encoding="UTF-8"?><record xmlns="http://www.loc.gov/MARC21/slim" xmlns:cinclude="http://apache.org/cocoon/include/1.0" xmlns:zs="http://www.loc.gov/zing/srw/">
  <leader>00392nz  a2200121n  4500</leader>
  <controlfield tag="001">n 2002080281</controlfield>
  <controlfield tag="003">DLC</controlfield>
  <controlfield tag="005">20020920145347.0</controlfield>
  <controlfield tag="008">020920n| acannaabn          |n aaa      </controlfield>
  <datafield tag="010" ind1=" " ind2=" ">
    <subfield code="a">n 2002080281</subfield>
  </datafield>
  <datafield tag="040" ind1=" " ind2=" ">
    <subfield code="a">DLC</subfield>
    <subfield code="b">eng</subfield>
    <subfield code="c">DLC</subfield>
  </datafield>
  <datafield tag="100" ind1="1" ind2=" ">
    <subfield code="a">Davis, Ron,</subfield>
    <subfield code="d">1947-</subfield>
  </datafield>
  <datafield tag="670" ind1=" " ind2=" ">
    <subfield code="a">NUCMC data from Montana Historical Society for His Interview, 1994</subfield>
    <subfield code="b">(Ron Davis (b. 1947); Vietnam War veteran interviewed in Helena)</subfield>
  </datafield>
</record>